<?xml version="1.0" encoding="UTF-8"?><collection xmlns="http://www.loc.gov/MARC21/slim"><record><leader>00617nam--2200193-i-4500</leader><controlfield tag="001">000037337</controlfield><controlfield tag="002">20161230</controlfield><controlfield tag="005">20161230201041</controlfield><controlfield tag="008">060222s1000------------r-----000-0-rus-d</controlfield><datafield ind1=" " ind2=" " tag="040"><subfield code="a">IFIN-HH</subfield></datafield><datafield ind1=" " ind2=" " tag="041"><subfield code="a">rus</subfield></datafield><datafield ind1=" " ind2=" " tag="080"><subfield code="a">536.42</subfield></datafield><datafield ind1="1" ind2=" " tag="100"><subfield code="a">Haken, Hermann</subfield></datafield><datafield ind1="1" ind2="0" tag="245"><subfield code="a">Sinergetika. ierarhii heustoiceivostei v samoorganizuiusihsia sisrwmah i ustroistvah</subfield><subfield code="c">Hermann haken</subfield></datafield><datafield ind1=" " ind2=" " tag="260"><subfield code="a">Moskva</subfield><subfield code="b">Mir</subfield><subfield code="c">1985</subfield></datafield><datafield ind1=" " ind2=" " tag="300"><subfield code="a">419P</subfield></datafield><datafield ind1=" " ind2=" " tag="500"><subfield code="a">Titlul Original In Limba Engleza: Advanced Synergetics. Instability Hierarchies Of Self-organizing Systems And Devices</subfield></datafield><datafield ind1=" " ind2=" " tag="852"><subfield code="a">73415</subfield><subfield code="c">53</subfield></datafield><datafield ind1=" " ind2=" " tag="CAT"><subfield code="a">Sys</subfield><subfield code="c">20150807</subfield><subfield code="h">130533</subfield></datafield></record></collection>